
@article{Akhbardeh12,
  author  = "Akhbardeh, Alireza and Jacobs, Michael A.",
  title   = "Comparative analysis of nonlinear dimensionality reduction techniques for breast MRI segmentation",
  journal = "Medical Physics",
  year    = 2012,
  volume  = "39",
  number  = "4",
  pages   = "2275--2289"
}

@article{Vasighizaker22,
  author  = "Vasighizaker, Akram and Danda, Saiteja and Rueda, Luis",
  title   = "Discovering cell types using manifold learning and enhanced visualization of single-cell RNA-seq data",
  journal = "Scientific Reports",
  year    = 2022,
  volume  = "12",
  number  = "120"
}

@article{Zubova18,
  author  = "Zubova, Jelena and Kurasova, Olga and Liutvinavičius, Marius",
  title   = "Dimensionality Reduction Methods: The Comparison Of Speed And Accuracy",
  journal = "Information Technology and Control",
  year    = 2018,
  volume  = "47",
  number  = "1"
}

@article{Gisbrecht15,
  author  = "Gisbrecht, Andrej and Hammer, Barbara",
  title   = "Data visualization by nonlinear dimensionality reduction",
  journal = "Information Technology and Control",
  year    = 2015,
  volume  = "5",
  number  = "2",
  pages   = "51--73"
}

@inproceedings{Cayton05,
  title={Algorithms for manifold learning},
  author={Lawrence Cayton},
  year={2005}
}

@misc{wiki_topological_space,
  title = {Topological space},
  howpublished = {\url{https://en.wikipedia.org/wiki/Topological_space}},
  note = {Accessed: 23.04.2023}
}

@misc{wiki_homeomorphism,
  title = {Homeomorphism},
  howpublished = {\url{https://en.wikipedia.org/wiki/Homeomorphism}},
  note = {Accessed: 23.04.2023}
}

@misc{wiki_atlas,
  title = {Atlas (topology)},
  howpublished = {\url{https://en.wikipedia.org/wiki/Atlas_(topology)}},
  note = {Accessed: 24.04.2023}
}

@article{Sarveniazi14,
  author  = "Sarveniazi, Alireza",
  title   = "An Actual Survey of Dimensionality Reduction",
  journal = "American Journal of Computational Mathematics",
  year    = 2014,
  volume  = "4",
  pages   = "55--72"
}

@article{Sammon69,
  author  = "Sammon, John W",
  title   = "A nonlinear mapping for data structure analysis",
  journal = "IEEE Transactions on Computers",
  year    = 1969,
  volume  = "18",
  number  = "5",
  pages   = "401--409"
}

@misc{sorzano14,
      title={A survey of dimensionality reduction techniques}, 
      author={Sorzano, C. O. S. and Vargas, J. and Montano, A. Pascual},
      year={2014},
      eprint={1403.2877},
      archivePrefix={arXiv},
      primaryClass={stat.ML}
}

@article{saul03,
  title={Think globally, fit locally: unsupervised learning of low dimensional manifolds},
  author={Saul, Lawrence K and Roweis, Sam T},
  journal={Journal of machine learning research},
  volume={4},
  number={Jun},
  pages={119--155},
  year={2003}
}

@article{saul00,
author = {Roweis, Sam T and Saul Lawrence K.},
title = {Nonlinear Dimensionality Reduction by Locally Linear Embedding},
journal = {Science},
volume = {290},
number = {5500},
pages = {2323--2326},
year = {2000}}

@misc{ghojogh20,
      title={Multidimensional Scaling, Sammon Mapping, and Isomap: Tutorial and Survey}, 
      author={Ghojogh, Benyamin and Ghodsi, Ali and Karray, Fakhri and Crowley, Mark},
      year={2020},
      eprint={2009.08136},
      archivePrefix={arXiv},
      primaryClass={stat.ML}
}

@article{Torgerson52,
  author  = "Torgerson, Warren S.",
  title   = "Multidimensional scaling: I. Theory and method",
  journal = "Psychometrika",
  year    = 1952,
  volume  = "17",
  number  = "4",
  pages = {401--419}
}

@article{t-SNE08,
  author  = {Maaten, Laurens van der and Hinton, Geoffrey},
  title   = {Visualizing Data using t-SNE},
  journal = {Journal of Machine Learning Research},
  year    = {2008},
  volume  = {9},
  number  = {86},
  pages   = {2579--2605}
}

@inproceedings{SNE02,
 author = {Hinton, Geoffrey E and Roweis, Sam},
 booktitle = {Advances in Neural Information Processing Systems},
 publisher = {MIT Press},
 title = {Stochastic Neighbor Embedding},
 volume = {15},
 year = {2002}
}

@article{how_t-SNE16,
  author = {Wattenberg, Martin and Viégas, Fernanda and Johnson, Ian},
  title = {How to Use t-SNE Effectively},
  journal = {Distill},
  year = {2016},
  url = {http://distill.pub/2016/misread-tsne},
  doi = {10.23915/distill.00002}
}

@article{short-circuit_fig,
author = {Shi, Hao and Yin, Baoqun and Kang, Yu and Shao, Chao and Gui, Jie},
year = {2017},
pages = {1-12},
title = {Robust L-Isomap with a Novel Landmark Selection Method},
volume = {7},
journal = {Mathematical Problems in Engineering}
}

@InProceedings{short_circuit(1),
author="Saxena, Ashutosh and Gupta, Abhinav and Mukerjee, Amitabha",
title="Non-linear Dimensionality Reduction by Locally Linear Isomaps",
booktitle="Neural Information Processing",
year="2004",
publisher="Springer Berlin Heidelberg",
pages="1038--1043"
}

@article{short_circuit(2),
author = {Balasubramanian, Mukund  and Schwartz, Eric L.},
title = {The Isomap Algorithm and Topological Stability},
journal = {Science},
volume = {295},
number = {5552},
pages = {7-7},
year = {2002},
}

@inproceedings{geo_vs_eucl,
author = {Morerio, Pietro and Cavazza, Jacopo and Murino, Vittorio},
year = {2018},
title = {Minimal-Entropy Correlation Alignment for Unsupervised Deep Domain Adaptation},
publisher = {International Conference on Learning Representations (ICLR)},
}

@misc{mammoth,
      title={Understanding How Dimension Reduction Tools Work: An Empirical Approach to Deciphering t-SNE, UMAP, TriMAP, and PaCMAP for Data Visualization}, 
      author={Wang, Yingfan and Huang, Haiyang and Rudin, Cynthia and Shaposhnik, Yaron},
      year={2021}
}

@article{clustering(1),
  author       = {Madhulatha, T. Soni},
  title        = {An Overview on Clustering Methods},
  journal      = {CoRR},
  volume       = {abs/1205.1117},
  year         = {2012}
}

@inproceedings{dbscan,
author = {Ester, Martin and Kriegel, Hans-Peter and Sander, J\"{o}rg and Xu, Xiaowei},
title = {A Density-Based Algorithm for Discovering Clusters in Large Spatial Databases with Noise},
year = {1996},
publisher = {AAAI Press},
pages = {226–231}
}

@misc{wiki_k-means,
  title = {k-means clustering},
  howpublished = {\url{https://en.wikipedia.org/wiki/K-means_clustering}},
  note = {Accessed: 07.05.2023}
}

@inproceedings{trustworthiness,
author = {Venna, Jarkko and Kaski, Samuel},
year = {2001},
title = {Neighborhood Preservation in Nonlinear Projection Methods: An Experimental Study},
volume = {2130},
journal = {Lecture Notes in Computer Science}
}

@InProceedings{COIL-20,
author = {Nene, S. A. and Nayar, S. K. and Murase, H.},
title = {{C}olumbia {O}bject {I}mage {L}ibrary ({C}{O}{I}{L}-20)},
booktitle = {Technical Report, Department of Computer Science, Columbia University CUCS-005-96},
year = {1996}
}

@misc{wiki_dist_matrix,
  title = {Euclidean distance matrix},
  howpublished = {\url{https://en.wikipedia.org/wiki/Euclidean_distance_matrix}},
  note = {Accessed: 12.05.2023}
}

@misc{wiki_matrix_norm,
  title = {Matrix norm},
  howpublished = {\url{https://en.wikipedia.org/wiki/Matrix_norm}},
  note = {Accessed: 12.05.2023}
}

@article{silhouette,
title = {Silhouettes: A graphical aid to the interpretation and validation of cluster analysis},
journal = {Journal of Computational and Applied Mathematics},
volume = {20},
pages = {53-65},
year = {1987},
author = {Rousseeuw, Peter J.},
}

@misc{sklearn_silhouette,
  title = {Silhouette Coefficient},
  howpublished = {\url{https://scikit-learn.org/stable/modules/clustering.html#silhouette-coefficient}},
  note = {Accessed: 23.05.2023}
}

@misc{sklearn_clu_eval,
  title = {Clustering performance evaluation},
  howpublished = {\url{https://scikit-learn.org/stable/modules/clustering.html#clustering-evaluation}},
  note = {Accessed: 24.05.2023}
}

@article{rand_index,
  title={Comparing partitions},
  author={Hubert, Lawrence J. and Arabie, Phipps},
  journal={Journal of Classification},
  year={1985},
  volume={2},
  pages={193-218}
}

@misc{wiki_rand_index,
  title = {Rand index},
  howpublished = {\url{https://en.wikipedia.org/wiki/Rand_index}},
  note = {Accessed: 24.05.2023}
}

@misc{wiki_mutual_info,
  title = {Adjusted mutual information},
  howpublished = {\url{https://en.wikipedia.org/wiki/Adjusted_mutual_information}},
  note = {Accessed: 09.06.2023}
}

@BOOK{curse_dim,
  TITLE = {Nonlinear Dimensionality Reduction},
  AUTHOR = {Lee, John A. and Verleysen, Michel},
  YEAR = {2007},
  PUBLISHER = {Springer},
}